<record><leader>00000cas a22000007a 4500</leader><controlfield tag="001">19617276</controlfield><controlfield tag="008">890428c18799999gauwr ne      0    0eng d</controlfield><datafield ind1=" " ind2=" " tag="010"><subfield code="a">sn 89053068 </subfield></datafield><datafield ind1=" " ind2=" " tag="040"><subfield code="a">NLG</subfield><subfield code="b">eng</subfield><subfield code="c">NLG</subfield><subfield code="d">GUA</subfield><subfield code="d">OCLCF</subfield><subfield code="d">OCLCO</subfield></datafield><datafield ind1="1" ind2=" " tag="029"><subfield code="a">AU@</subfield><subfield code="b">000040600025</subfield></datafield><datafield ind1=" " ind2=" " tag="042"><subfield code="a">msc</subfield></datafield><datafield ind1=" " ind2=" " tag="043"><subfield code="a">n-us-ga</subfield></datafield><datafield ind1="0" ind2="4" tag="245"><subfield code="a">The Hartwell sun.</subfield></datafield><datafield ind1=" " ind2=" " tag="260"><subfield code="a">Hartwell, GA. :</subfield><subfield code="b">Benson &amp; McGill,</subfield><subfield code="c">1879-</subfield></datafield><datafield ind1=" " ind2=" " tag="300"><subfield code="a">v.</subfield></datafield><datafield ind1=" " ind2=" " tag="310"><subfield code="a">Weekly</subfield></datafield><datafield ind1="0" ind2=" " tag="362"><subfield code="a">Vol. 3, no. 37 (May 14, 1879)-</subfield></datafield><datafield ind1=" " ind2=" " tag="515"><subfield code="a">Also called Whole numbers, which were dropped in 1888.</subfield></datafield><datafield ind1=" " ind2=" " tag="530"><subfield code="a">Also on microfilm: Athens, Ga. : University of Georgia Libraries.</subfield></datafield><datafield ind1=" " ind2="0" tag="651"><subfield code="a">Hartwell (Ga.)</subfield><subfield code="v">Newspapers.</subfield></datafield><datafield ind1=" " ind2="0" tag="651"><subfield code="a">Hart County (Ga.)</subfield><subfield code="v">Newspapers.</subfield></datafield><datafield ind1=" " ind2="7" tag="655"><subfield code="a">Newspapers.</subfield><subfield code="2">fast</subfield><subfield code="0">(OCoLC)fst01423814</subfield></datafield><datafield ind1=" " ind2="7" tag="651"><subfield code="a">Georgia</subfield><subfield code="z">Hart County.</subfield><subfield code="2">fast</subfield><subfield code="0">(OCoLC)fst01211765</subfield></datafield><datafield ind1=" " ind2="7" tag="651"><subfield code="a">Georgia</subfield><subfield code="z">Hartwell.</subfield><subfield code="2">fast</subfield><subfield code="0">(OCoLC)fst01217038</subfield></datafield><datafield ind1=" " ind2=" " tag="752"><subfield code="a">United States</subfield><subfield code="b">Georgia</subfield><subfield code="c">Hart</subfield><subfield code="d">Hartwell.</subfield></datafield><datafield ind1="0" ind2="0" tag="780"><subfield code="t">Sun (Hartwell, Ga.)</subfield><subfield code="w">(DLC)sn 89053067</subfield><subfield code="w">(OCoLC)19617262</subfield></datafield></record>